@online{stepic,
  title        = "Stepic, an educational engine",
  url          = {https://stepic.org},
  eprint       = "https://stepic.org",
}
@online{plugins:doc,
  title        = "Документация API",
  url          = {https://readthedocs.org/projects/stepic-plugins},
  eprint       = "https://readthedocs.org/projects/stepic-plugins",
}
@online{plugins:repo,
  title        = "Репозиторий с упражнениями",
  url          = {https://github.com/StepicOrg/stepic-plugins},
  eprint       = "https://github.com/StepicOrg/stepic-plugins",
}

@article{pyprod,
  author =       {Prechelt, Lutz},
  title =        {An Empirical Comparison of Seven Programming
                  Languages},
  eprint =       "http://dx.doi.org/10.1109/2.876288",
  journal =      {Computer},
  issue_date =   {October 2000},
  volume =       33,
  number =       10,
  year =         2000,
  issn =         {0018-9162},
  pages =        {23--29},
  numpages =     7,
  url =          {http://dx.doi.org/10.1109/2.876288},
  doi =          {10.1109/2.876288},
  acmid =        621567,
  publisher =    {IEEE Computer Society Press},
  address =      {Los Alamitos, CA, USA},
}

@article{Bauer,
  author =       {Bauer, Mick},
  title =        {Paranoid Penguin: An Introduction to Novell
                  AppArmor},
  eprint =       "http://dl.acm.org/citation.cfm?id=1149826.1149839",
  journal =      {Linux J.},
  issue_date =   {August 2006},
  volume =       2006,
  number =       148,
  year =         2006,
  issn =         {1075-3583},
  pages =        {13--},
  url =          {http://dl.acm.org/citation.cfm?id=1149826.1149839},
  acmid =        1149839,
  publisher =    {Belltown Media},
  address =      {Houston, TX},
  lanugage =     {russian}
}

@article{Schreuders,
  author =       {Schreuders, Z. Cliffe and McGill, Tanya and Payne,
                  Christian},
  title =        {Empowering End Users to Confine Their Own
                  Applications: The Results of a Usability Study
                  Comparing SELinux, AppArmor, and FBAC-LSM},
  eprint =       "http://doi.acm.org/10.1145/2019599.2019604",
  journal =      {ACM Trans. Inf. Syst. Secur.},
  issue_date =   {September 2011},
  volume =       14,
  number =       2,
  year =         2011,
  issn =         {1094-9224},
  pages =        {19:1--19:28},
  articleno =    19,
  numpages =     28,
  url =          {http://doi.acm.org/10.1145/2019599.2019604},
  doi =          {10.1145/2019599.2019604},
  acmid =        2019604,
  publisher =    {ACM},
  address =      {New York, NY, USA},
  keywords =     {AppArmor, Application-oriented access controls,
                  FBAC-LSM, HCISec, POLA, SELinux, functionality-based
                  application confinement, sandboxing, usability},
}

@article{breslow2013studying,
  title =        {Studying learning in the worldwide classroom:
                  Research into edx’s first mooc},
  author =       {Breslow, Lori and Pritchard, David E and DeBoer,
                  Jennifer and Stump, Glenda S and Ho, Andrew D and
                  Seaton, DT},
  journal =      {Research \& Practice in Assessment},
  volume =       8,
  pages =        {13--25},
  year =         2013
}

@inproceedings{Clow,
  author =       {Clow, Doug},
  title =        {MOOCs and the Funnel of Participation},
  booktitle =    {Proceedings of the Third International Conference on
                  Learning Analytics and Knowledge},
  eprint =       {http://doi.acm.org/10.1145/2460296.2460332},
  series =       {LAK '13},
  year =         2013,
  isbn =         {978-1-4503-1785-6},
  location =     {Leuven, Belgium},
  pages =        {185--189},
  numpages =     5,
  url =          {http://doi.acm.org/10.1145/2460296.2460332},
  doi =          {10.1145/2460296.2460332},
  acmid =        2460332,
  publisher =    {ACM},
  address =      {New York, NY, USA},
  keywords =     {MOOCs, learning analytics, participation},
}

@INPROCEEDINGS{celery,
  author =       {Lunacek, M. and Braden, J. and Hauser, T.},
  booktitle =    {Cluster Computing (CLUSTER), 2013 IEEE International
                  Conference on},
  title =        {The scaling of many-task computing approaches in
                  python on cluster supercomputers},
  year =         2013,
  month =        {Sept},
  pages =        {1-8},
  keywords =     {parallel processing;software packages;Celery
                  package;IPython Parallel package;Python;cluster
                  supercomputers;many-task computing approach;mpi4py},
  doi =          {10.1109/CLUSTER.2013.6702678},
}

@article{dagger2007service,
  title =        {Service-oriented e-learning platforms: From
                  monolithic systems to flexible services},
  author =       {Dagger, Declan and O'Connor, Alexander and Lawless,
                  Seamus and Walsh, Eddie and Wade, Vincent P},
  journal =      {Internet Computing, IEEE},
  volume =       11,
  number =       3,
  pages =        {28--35},
  year =         2007,
  publisher =    {IEEE}
}

@inproceedings{mak2010blogs,
  title =        {Blogs and forums as communication and learning tools
                  in a MOOC},
  author =       {Mak, Sui and Williams, Roy and Mackness, Jenny},
  booktitle =    {Networked Learing Conference},
  pages =        {275--285},
  year =         2010,
  organization = {University of Lancaster}
}

@online{rosalind,
  title        = "Rosalind",
  url          = {http://rosalind.info/about/},
  eprint       = "http://rosalind.info/about/",
}

@online{coursera,
  title        = "Coursera",
  url          = {https://www.coursera.org/about/},
  eprint       = "https://www.coursera.org/about/",
}

@online{udacity,
  title        = "Udacity",
  url          = {https://www.udacity.com/},
  eprint       = "https://www.udacity.com/",
}

@online{edx,
  title        = "edX",
  url          = {https://www.edx.org},
  eprint       = "https://www.edx.org",
}

@article{rest,
  title =        {Principled design of the modern Web architecture},
  author =       {Fielding, Roy T and Taylor, Richard N},
  journal =      {ACM Transactions on Internet Technology (TOIT)},
  volume =       2,
  number =       2,
  pages =        {115--150},
  year =         2002,
  publisher =    {ACM}
}
